<record xmlns:xsi="http://www.w3.org/2001/XMLSchema-instance" xmlns="http://www.loc.gov/MARC21/slim" xsi:schemaLocation="http://www.loc.gov/MARC21/slim http://www.loc.gov/standards/marcxml/schema/MARC21slim.xsd">

  <leader>00660nam a2200157Ia 4500</leader>
  <controlfield tag="008">160504b2002    cr a|||| |||| 00| | spa d</controlfield>
  <datafield ind1=" " ind2=" " tag="090">
    <subfield code="a">02.01.02 </subfield>
    <subfield code="b">1012</subfield>
  </datafield>
  <datafield ind1="2" tag="110" ind2=" ">
    <subfield code="a">Instituto de Investigación para el Mejoramiento de la Educación Costarricense</subfield>
    <subfield code="9">1703</subfield>
  </datafield>
  <datafield ind2="0" tag="245" ind1="1">
    <subfield code="a">Planeamiento estratégico del IIMEC para el próximo quinquenio (2003-2008)</subfield>
  </datafield>
  <datafield ind1=" " ind2=" " tag="260">
    <subfield code="a">San José, Costa Rica :  </subfield>
    <subfield code="b">IIMEC, </subfield>
    <subfield code="c">2002</subfield>
  </datafield>
  <datafield ind1=" " tag="300" ind2=" ">
    <subfield code="a">28 páginas</subfield>
  </datafield>
  <datafield ind2=" " tag="500" ind1=" ">
    <subfield code="a">La Unidad posee también Informe final Plan Estratégico  2009 - 2015 Proyecto No.724-A9-739</subfield>
  </datafield>
  <datafield tag="610" ind2="2" ind1="2">
    <subfield code="9">153</subfield>
    <subfield code="a">INSTITUTO DE INVESTIGACIÓN EN EDUCACIÓN</subfield>
  </datafield>
  <datafield ind2="4" tag="650" ind1="1">
    <subfield code="a">PLANIFICACIÓN ESTRATÉGICA</subfield>
    <subfield code="9">762</subfield>
  </datafield>
  <datafield ind1=" " ind2=" " tag="942">
    <subfield code="2">z</subfield>
    <subfield code="c">04</subfield>
  </datafield>
  <datafield ind1=" " tag="999" ind2=" ">
    <subfield code="c">1236</subfield>
    <subfield code="d">1236</subfield>
  </datafield>
</record>